@misc{wiki:zfs,
  author = "{Wikipedia contributors}",
  title = "ZFS --- {Wikipedia}{,} The Free Encyclopedia",
  year = "2022",
  url = { https://en.wikipedia.org/wiki/ZFS },
  note = "[Online; accessed 25-December-2022]",
}

@misc{wiki:raid,
  author = "{Wikipedia contributors}",
  title = "RAID --- {Wikipedia}{,} The Free Encyclopedia",
  year = "2022",
  url = { https://en.wikipedia.org/wiki/RAID },
  note = "[Online; accessed 25-December-2022]",
}

@online{youtube,
  title = "OpenZFS Basics by Matt Ahrens and George Wilson",
  date = 2018,
  month = May,
  day = 15,
  organization = {Youtube},
  author = {Matt Ahrens and George Wilson},
  url = { https://youtu.be/MsY-BafQgj4 },
}

@online{arch,
  title = "ZFS --- {ArchWiki}",
  year = "2022",
  url = {https://wiki.archlinux.org/title/ZFS},
}
