@incollection{sep-hilbert-program,
  author = {Zach, Richard},
  title = {{Hilbert’s Program}},
  booktitle = {The {Stanford} Encyclopedia of Philosophy},
  editor = {Edward N. Zalta and Uri Nodelman},
  howpublished = {\url{
                  https://plato.stanford.edu/archives/spr2023/entries/hilbert-program/
                  }},
  year = {2023},
  edition = {{S}pring 2023},
  publisher = {Metaphysics Research Lab, Stanford University},
  language = {english},
}

@online{iphas-kant-pure-reason,
  author = {Иммануил Кант},
  title = {{Критика чистого разума}},
  year = {1964},
  url = {https://iphras.ru/elib/Kant_Chist_raz.html},
}

@book{the-foundations-of-geometry,
  author = {David Hilbert},
  title = {{The Foundations of Geometry}},
  publisher = {Project Gutenberg},
  year = {2022},
  url = {https://www.gutenberg.org/files/17384/17384-pdf.pdf},
  language = {english},
}

@book{logic-and-philosophy,
  author = {Елена Дмитриевна Смирнова},
  title = {{Логика и философия}},
  year = {1996},
}

@book{birth-development-of-ideas,
  author = {Нелли Васильевна Мотрошилова},
  title = {{Рождение и развитие филосовских идей}},
  location = {Москва},
  year = {1991},
}

@book{plato-compilation,
  author = {Платон},
  title = {{Полное собрание сочинений в одном томе}},
  publisher = {АЛЬФА-КНИГА},
  location = {Москва},
  year = {2017},
  isbn = {978-5-9922-0990-7},
}

@book{aristotle-metaphysics,
  author = {Аристотель},
  title = {{Метафизика}},
  year = {2018},
  location = {Москва},
  publisher = {РИПОЛ классик},
  isbn = {978-5-368-10325-5},
}
